@COMMENT References

@article{VEGA,
	AUTHOR = {N. Kubota and K. Shzmojima and T. Fukuda},
	TITLE = {The Role of Virus Infection in Virus-Evolutionary Genetic Algorithm},
	JOURNAL = {Proceedings of IEEE International Conference on Evolutionary Computation},
	YEAR = {1996}
}

@article{GA,
	AUTHOR = {A. Konak and D. W. Coit and A. E. Smith,},
	TITLE = {Multi-Objective Optimization Using Genetic Algorithms: A Tutorial},
	JOURNAL = {{R}eliability {E}ngineering and {S}ystem {S}afety 91},
	YEAR = {2006}
}

@article{MrRacer,
	AUTHOR = {J. Quadflieg and M. Preuss and G. Rudolph},
	TITLE = {Driving as a human: a track learning based adaptable architecture for a car racing controller},
	JOURNAL = {{G}enetic {P}rogramming and {E}volvable {M}achines - {S}pringer {S}cience+{B}usiness {N}ew {Y}ork},
	YEAR = {2014}
}

@article{AUTOPIA,
	AUTHOR = {E. Onieva and D. Pelta and J. Godoy and V. Milan{\'e}s and J. P. Rastelli.},
	TITLE = {{A}n {E}volutionary {T}uned {D}riving {S}ystem for {V}irtual {C}ar {R}acing {G}ames: {T}he {AUTOPIA} {D}river},
	JOURNAL = {International Journal of Intelligent Systems, Wiley-Blackwell},
	YEAR = {2012, 27 (3), pp.217-241.}
}

@article{Exp,
	AUTHOR = {L. Cardamone and D. Loiacono and P. L. Lanzi},
	TITLE = {{L}earning {D}rivers for {TORCS} through {I}mitation {U}sing {S}upervised {M}ethods},
	JOURNAL = {Computational Intelligence and Games, 2009. CIG 2009. IEEE Symposium on},
	YEAR = {2009}
}

@misc{SoA,
	title = {{SCR} {C}hampionship {S}tate of the {A}rt},
	howpublished = {\url{http://pt.slideshare.net/dloiacono/gecco13scr?related=1}},
	note = {Accessed: 2015-04-08}
}

@COMMENT Competitions

@misc{CEC,
	title = {2015 {IEEE} {C}ongress on {E}volutionary {C}omputation ({CEC}2015)},
	howpublished = {\url{http://www.cec2015.org/}},
	note = {Accessed: 2015-05-14}
}

@misc{GECCO,
	title = {2015 {G}enetic and {E}volutionary {C}omputation {C}onference ({GECCO} 2015)},
	howpublished = {\url{http://www.sigevo.org/gecco-2015/}},
	note = {Accessed: 2015-05-14}
}

@misc{CIG,
	title = {2015 {IEEE} {C}onference on {C}omputational {I}ntelligence and {G}ames ({CIG} 2015)},
	howpublished = {\url{http://www.ieee-cig.org/}},
	note = {Accessed: 2015-05-14}
}

@COMMENT Interface and Model

@misc{TORCS,
	author = {Bernhard Wymann and Eric Espi{\'e} and Christophe Guionneau and Christos Dimitrakakis and R{\'e}mi Coulom and Andrew Sumner},
	title = {{TORCS}, {T}he {O}pen {R}acing {C}ar {S}imulator},
	howpublished = {\url{http://www.torcs.org}},
	year = {2014},
}

@misc{SCRC,
	author = {L. Cardamone and D. Loiacono and P. L. Lanzi},
	howpublished = {\url{http://arxiv.org/pdf/1304.1672.pdf}},
	title = {{S}imulated {C}ar {R}acing {C}hampionship - {C}ompetition {S}oftware {M}anual},
	year = {2014},
}

@incollection{FSM,
	author      = {I. Millington and J. Funge},
	title       = {Decision Making},
	editor      = {Elsevier},
	booktitle   = {Artificial Intelligence for Games, 2nd ed.},
	publisher   = {Morgan Kaufmann Publishers},
	address     = {San Francisco, CA},
	year        = {2006, ch. 5, sec. 3, pp. 309-311},
}

@incollection{AI,
	author      = {M. Buckland},
	title       = {State-Driven Agent Design},
	editor      = {Wordware Publishing},
	booktitle   = {Programming Game AI By Example, 2nd ed.},
	publisher   = {Wordware},
	address     = {Plano, TX},
	year        = {2005, ch. 2, pp. 43-45},
}