
@misc{GitHub,
	title = {Git{H}ub Repository for the {FSMD}river},
	howpublished = {Website: \url{https://github.com/bruno147/fsmdriver}},
	year =	 {2015}	
}

@article{MEDIC,
	author = "F. Zhang and Z. Du and L. Sun and Z. Jia",
	title = "A new novel virtual simulation system for robot-assisted orthopedic surgery",
	journal = "IEEE International Conference on Robotics and Biomimetics",
	year = "2007"
}


@inproceedings{AIR,
	author    = "J. C. Duncan and L. C. Feterle",
	booktitle = "Proceedings of the IEEE 2000 National Aerospace and Electronics Conference",
	title     = "The use of personal computer-based aviation training devices to teach aircrew decision making, teamwork, and resource management",
	year      = "2000",
	pages     = "421--426"
}

@inproceedings{AUTR,
	author    = "H. Xue and H. Wu and X. Meng and W. Liu",
	booktitle = "Second International Conference on Mechanic Automation and Control Engineering",
	title     = "Simulation research and programming of torque fluctuation of automotive steering system",
	year      = "2011",
	pages     = "4385--4387"
}

@inproceedings{GACTRL,
	author    = "Q. Wang and P. Spronck and R. Tracht",
	booktitle = "International Conference on Machine Learning and Cybernetics",
	title     = "An overview of genetic algorithms applied to control engineering problems",
	year      = "2003",
	volume    = "3",
	pages     = "1651--1656"
}

@article{GABIO,
	author = "S. Wang and J. Hong and Z. Liu and W. Wang",
	title = "Method of human-imitating posture generation for mechanical hand prosthesis",
	journal = "ASME/IFToMM International Conference on Reconfigurable Mechanisms and Robots",
	year = "2009"
}

@article{BERNARD,
	author = "Bernaden, A.",
	title = "Variable air volume control using a finite state machine",
	journal = "Control Conference (ECC)",
	year = "1999"
}

@article{DIEGO,
	author = "Perez, D. and Recio, G. and Saez, Y. and Isasi, P.",
	title = "Evolving a fuzzy controller for a Car Racing Competition",
	journal = "Computational Intelligence and Games (CIG)",
	year = "2009"
}

@article{DOHYUN,
	author = "Do HyunKim and Jangwoo Kwon and Ken Chen and Kyoungho Choi",
	title = "Finite state machine for vehicle detection in highway surveillance systems",
	journal = "Frontiers of Computer Vision, (FCV)",
	year = "2013"
}

@article{GAECO,
	author = "R. Bharathi and M. J. Kumar and D. Sunitha and S. Premalatha",
	title = "Optimization of combined economic and emission dispatch problem — A comparative study",
	journal = "International Power Engineering Conference",
	year = "2007"
}

@article{AUTOM,
	author = "M. Barth",
	title = "The Potential Role of Vehicle Automation in Reducing Traffic-Related Energy and Emissions",
	journal = "International Conference on Connected Vehicles and Expo (ICCVE)",
	year = "2013"
}

@article{SAFE,
	author = "J. Carbaugh and D. Godbole and R. Sengupta",
	title = "Tools for Safety Analysis of Vehicle Automation Systems",
	journal = "Proceedings of the American Control Conference",
	year = "1997"
}

@article{INDUS,
	author = "I. Terzic and A. Zoitl and B. Favre",
	title = "A Survey of Distributed Intelligence in Automation in European Industry, Research and Market",
	year = "2008",
	journal = "IEEE International Conference on Emerging Technologies and Factory Automation"
}

@article{APPLI,
	author = "A. K. Bejczy",
	title = "New Challenges for Application of Robotics and Automation in Space Research",
	journal = "7th IEEE International Symposium on Applied Computational Intelligence and Informatics",
	year = "2012"
}

@manual{ELITISM,
	year = "2006",
	title = "Watchmaker Framework for Evolutionary Computation - Chapter 3. Selection Strategies and Elitism -  \url{http://watchmaker.uncommons.org/manual/ch03s06.html}",
}

@manual{OPERATOR,
	year = "2014",
	title = "7 Reasons to Justify an Operator Training Simulator: \url{https://www.honeywellprocess.com/library/news-and-events/presentations/Hon-EMEA14-Operator-Training-Simulator.pdf}"
}

@manual{SIMULATION,
	year = "2015",
	title = "Why use simulation? - Justifying Simulation (accessed: 2015): \url{https://www.promodel.com/pdf/Justifying%20Simulation.pdf}"
}

@manual{SIMUTORCS,
	year = "2015",
	title = "TORCS: The open racing car simulator (accessed: 2015): \url{http://www.cse.chalmers.se/~chrdimi/papers/torcs.pdf}",
	author = "B. Wymann and C. Dimitrakakis and A. Sumner and E. Espie and C. Guionneau"
}

@article{RATES,
	author = "J. J. Grefenstette",
	title = "Optimization of Control Parameters for	Genetic Algorithms",
	journal = "IEEE Transactions on Systems, Man, and Cybernetics",
	year = "1986",
	volume = "SMC-16",
	number = "1",
	month = "Jan"
}

@inproceedings{GA,
	author    = "J. H. Holland",
	booktitle = "Adaptive Control of Ill-Defined Systems",
	title     = "{G}enetic {A}lgorithms and {A}daptation",
	year      = "1984",
	series    = "NATO Conference Series",
	volume    = "16",
	pages     = "317--333"
}

@inproceedings{Darwin,
	author    = "C. R. Darwin",
	booktitle = "On the origin of species by means of natural selection, or the preservation of favoured races in the struggle for life.",
	title     = "{O}n the {O}rigin of {S}pecies",
	year      = "1859",
	editor    = "J. Murray",
	address   = "London"
}

@article{MrRacer,
	author = {J. Quadflieg and M. Preuss and G. Rudolph},
	title = {Driving as a human: a track learning based adaptable architecture for a car racing controller},
	journal = {{G}enetic {P}rogramming and {E}volvable {M}achines - {S}pringer {S}cience+{B}usiness {N}ew {Y}ork},
	year = {2014}
}

@article{AUTOPIA,
	author  = "E. Onieva and D. Pelta and J. Godoy and V. Milan{\'e}s and J. P. Rastelli.",
	title   = "{A}n {E}volutionary {T}uned {D}riving {S}ystem for {V}irtual {C}ar {R}acing {G}ames: {T}he {AUTOPIA} {D}river",
	journal = "International Journal of Intelligent Systems, Wiley-Blackwell",
	year    = "2012",
	volume  = "27",
	number  = "3",
	pages   = "217--241"
}

@article{AUTOPIA2009,
	author  = "E. Onieva and D. A. Pelta and J. Alonso and V. Milanes and J. Perez",
	title   = "A modular parametric architecture for the TORCS racing engine",
	journal = "IEEE Symposium on Computational Intelligence and Games",
	year    = "2009",
	pages   = "256--262"
}


@INPROCEEDINGS{Munoz,
	author={Muñoz, J. and Gutierrez, G. and Sanchis, A.},
	booktitle={Computational Intelligence and Games (CIG), 2010 IEEE Symposium on},
	title={A human-like TORCS controller for the Simulated Car Racing Championship},
	year={2010},
	month={Aug},
	pages={473-480},
	keywords={automobiles;computer games;human factors;information retrieval;neural nets;data retrieval;human like TORCS controller;human 		player;neural network;scripted policy;simulated car racing championship;speed prediction;the open racing car simulator;trajectory 		prediction;Artificial neural networks;Games;Gears;Humans;Sensors;Trajectory;Wheels},
	doi={10.1109/ITW.2010.5593318},}

@article{Exp,
	author = {L. Cardamone and D. Loiacono and P. L. Lanzi},
	title = {{L}earning {D}rivers for {TORCS} through {I}mitation {U}sing {S}upervised {M}ethods},
	journal = {Computational Intelligence and Games, 2009. CIG 2009. IEEE Symposium on},
	year = {2009}
}

@misc{SCRC,
	title        = "{SCR} {C}hampionship {S}tate of the {A}rt",
	howpublished = "\url{http://pt.slideshare.net/dloiacono/gecco13scr?related=1}",
	year         = "2013"
}

@COMMENT Interface and Model

@misc{TORCS,
	author = {Bernhard Wymann and Eric Espi{\'e} and Christophe Guionneau and Christos Dimitrakakis and R{\'e}mi Coulom and Andrew Sumner},
	title = {{TORCS}, {T}he {O}pen {R}acing {C}ar {S}imulator},
	howpublished = {\url{http://www.torcs.org}},
	year = {2014},
}

@manual{SCR,
	author = {L. Cardamone and D. Loiacono and P. L. Lanzi},
	title = {{S}imulated {C}ar {R}acing {C}hampionship - {C}ompetition {S}oftware {M}anual - \url{http://arxiv.org/pdf/1304.1672.pdf}},
	year = {2014},
}

@article{2009,
	author = "D. Loiacono and P. L. Lanzi and J. Togelius and E. Onieva and D. A. Pelta and M. V. Butz and
	T. D. L{\"o}nneker and L. Cardamone and D. Perez and Y. S\'{a}ez and M. Preuss and J. Quadflieg",
	title = "{T}he 2009 {S}imulated {C}ar {R}acing {C}hampionship",
	journal = "IEEE Transactions on Computational Intelligence and AI in Games",
	year   = "2010",
	month  = "June",
	volume = "2",
	numer  = "2"
}

@incollection{Millington:2006:FSM,
	author      = "I. Millington and J. Funge",
	title       = "Decision Making",
	editor      = "Elsevier",
	booktitle   = "Artificial Intelligence for Games, 2nd ed.",
	publisher   = "Morgan Kaufmann Publishers",
	address     = "San Francisco, CA",
	year        = "2006",
	chapter     = "5",
	note        = "Section 3",
	pages       = "309--311"
}

@incollection{Buckland:2005:AI,
	author      = "M. Buckland",
	title       = "State-Driven Agent Design",
	editor      = "Wordware Publishing",
	booktitle   = "Programming Game AI By Example, 2nd ed.",
	publisher   = "Wordware",
	address     = "Plano, TX",
	year        = "2005",
	chapter     = "2",
	pages       = "43--45"
}

@incollection{RG,
	author      = {N. Whitton and A. Moseley},
	title       = {Authentic Contextual Games for Learning},
	editor      = {N. Whitton and A. Moseley},
	booktitle   = {Using Games to Enhance Learning and Teaching: A Beginner's Guide, 2nd ed.},
	publisher   = {Routledge},
	address     = {New York, NY},
	year        = {2012, ch. 8},
}

@incollection{Mitcchel:ML,
	author      = "Tom M. Mitchel",
	title       = "Reinforcement Learning",
	editor      = "Wordware Publishing",
	booktitle   = "Machine Learning",
	publisher   = "McGraw-Hill Science/Engineering/Math",
	address     = "Plano, TX",
	year        = "1997",
	chapter     = "13",
	pages       = "385"
}

@INPROCEEDINGS{218485, 
	author={Alander, J.T.}, 
	booktitle={CompEuro '92 . 'Computer Systems and Software Engineering',Proceedings.}, 
	title={On optimal population size of genetic algorithms}, 
	year={1992}, 
	month={May}, 
	pages={65-70}, 
	keywords={computational complexity;genetic algorithms;parallel architectures;bitstrings;genetic algorithms;optimum population 	        	size;parallel architectures;problem complexity;sequential machines;Computer science;Distributed computing;Genetic 		       		algorithms;Information processing;Laboratories;Parallel architectures;Parallel processing;Problem-solving;Robot control;Robustness}, 
	doi={10.1109/CMPEUR.1992.218485},}

@inproceedings{deFreitas:2012,
	 author = {de Freitas, Leonardo G. and Reffatti, Luiggi Monteiro and de Sousa, Igor Rafael and Cardoso, Anderson C. and Castanho, Carla 	 Denise and Bonif\'{a}cio, Rodrigo and Ramos, Guilherme N.},
	 title = {Gear2D: An Extensible Component-based Game Engine},
	 booktitle = {Proceedings of the International Conference on the Foundations of Digital Games},
	 series = {FDG '12},
	 year = {2012},
	 isbn = {978-1-4503-1333-9},
	 location = {Raleigh, North Carolina},
	 pages = {81--88},
	 numpages = {8},
	 url = {http://doi.acm.org/10.1145/2282338.2282357},
	 doi = {10.1145/2282338.2282357},
	 acmid = {2282357},
	 publisher = {ACM},
	 address = {New York, NY, USA},
	 keywords = {Gear2D, game engine, software reuse},
} 

@inproceedings{Shotton:2011,
	 author = {Shotton, J. and Fitzgibbon, A. and Cook, M. and Sharp, T. and Finocchio, M. and Moore, R. and Kipman, A. and Blake, A.},
	 title = {Real-time Human Pose Recognition in Parts from Single Depth Images},
	 booktitle = {Proceedings of the 2011 IEEE Conference on Computer Vision and Pattern Recognition},
	 series = {CVPR '11},
	 year = {2011},
	 isbn = {978-1-4577-0394-2},
	 pages = {1297--1304},
	 numpages = {8},
	 url = {http://dx.doi.org/10.1109/CVPR.2011.5995316},
	 doi = {10.1109/CVPR.2011.5995316},
	 acmid = {2192047},
	 publisher = {IEEE Computer Society},
	 address = {Washington, DC, USA},
	 keywords = {whole-skeleton nearest neighbor matching, real-time human pose recognition, 3D positions, single depth image, object 		recognition approach, intermediate body parts representation, pose estimation problem, simpler per-pixel classification problem, 		confidence-scored 3D proposals},
}

